@misc{oltean_fruits-360_2017,
	title = {Fruits-360 dataset},
	url = {https://www.kaggle.com/datasets/moltean/fruits},
	abstract = {A dataset with 108449 images of 163 fruits, vegetables, nuts and seeds},
	language = {en},
	urldate = {2025-03-18},
	author = {Oltean, Mihai},
	year = {2017},
}
